@article{Dolinar2019,
author = {Dolinar, Katja and Krajnik, Matej},
year = {2019},
title = {{Priročnik za terensko delo na Krasu}},
journal = {Ljubljana, Gozdarski inštitut Slovenije},
volume = {Silva Slovenica},
pages = {106--107},
}



